
@book{espinas_vie_1913,
	location = {Paris},
	title = {La vie urbaine de Douai au moyen âge},
	publisher = {{APicard}},
	author = {Espinas, Georges},
	date = {1913},
	keywords = {Communism, Douai, Douai (France), History, Industries, Sources},
}

@article{leguay_propriete_1989,
	title = {La propriété et le marché de l'immobilier à la fin du Moyen Âge dans le royaume de France et dans les grands fiefs périphériques},
	volume = {122},
	rights = {free},
	url = {https://www.persee.fr/doc/efr_0000-0000_1989_act_122_1_4594},
	abstract = {Jean-Pierre Leguay, La propriété et le marché de l'immobilier à la fin du Moyen Âge dans le royaume de France et dans les grands fiefs périphériques, p. 135-199. L'examen de ce sujet vaste et complexe repose sur une documentation fragmentaire provenant des cartulaires des établissements religieux, des registres fiscaux et des archives privées (testaments, comptabilités familiales etc.). L'immobilier, appelé « l'hiretage » dans certains documents, recouvre toutes les formes de la propriété bâtie, du vaste hôtel particulier aux logements de rapport et aux locaux à usage artisanal et commercial, les espaces non édifiés à promouvoir, les jardins et les vergers, les champs intra et extra-muros, et même les rentes constituées perpétuelles et hypothéquées sur des biens-fonds. Au cours des {XIIIe}-{XVe} siècles, dans des proportions variables suivant la conjoncture et les cadres urbains, beaucoup de bourgeois sont intéressés par ce type de possession et de spéculation: les « patriciens » d'abord, gros marchands, financiers, hommes de loi, mais aussi de simples artisans et boutiquiers disposant, momentanément, de sommes à placer. L'étude intéresse tous les aspects de ce négoce : les motivations des investisseurs, les biens recherchés, leur localisation, la concentration des fortunes par périodes et par secteurs urbains, l'évaluation des patrimoines.},
	pages = {135--199},
	number = {1},
	journaltitle = {Publications de l'École Française de Rome},
	author = {Leguay, Jean-Pierre},
	urldate = {2021-02-06},
	date = {1989},
	note = {Publisher: Persée - Portail des revues scientifiques en {SHS}},
	file = {Snapshot:/Users/selimbenismail/Zotero/storage/VNU65XPZ/efr_0000-0000_1989_act_122_1_4594.html:text/html},
}

@book{quivy_manuel_2011,
	location = {Paris},
	edition = {4e éd. entièrement revue et augmentée},
	title = {Manuel de recherche en sciences sociales},
	isbn = {978-2-10-056301-2},
	pagetotal = {ix+262},
	publisher = {Dunod},
	author = {Quivy, Raymond},
	editora = {Campenhoudt, Luc van and Marquet, Jacques},
	editoratype = {collaborator},
	date = {2011},
	keywords = {Guides, manuels, etc, Handbooks, manuals, etc, Recherche, Research, Sciences sociales, Social sciences},
}

@article{sergent_cartes_2012,
	title = {Cartes et cadastres anciens : la documentation figurée au service des archéologues ? La Z.A.C. de Lauwin-Planque (Nord) à l'épreuve de ses représentations},
	volume = {n° 396},
	issn = {0035-2624},
	url = {https://www.cairn.info/revue-du-nord-2012-3-page-681.htm},
	shorttitle = {Cartes et cadastres anciens},
	abstract = {Le dernier diagnostic arch\&\#233;ologique sur la Z.A.C. de Lauwin-Planque met en \&\#233;vidence des foss\&\#233;s correspondant aux tranch\&\#233;es de circonvallation et de contrevallation du si\&\#232;ge de 1710 de la ville de Douai, ainsi qu\&\#8217;un r\&\#233;seau fossoy\&\#233; de parcellaire moderne li\&\#233; \&\#224; l\&\#8217;exploitation des marais. L\&\#8217;identification de ces vestiges a pu \&\#234;tre confirm\&\#233;e gr\&\#226;ce \&\#224; l\&\#8217;\&\#233;tude des plans anciens et des cadastres napol\&\#233;oniens de 1830 et 1906.},
	pages = {681--695},
	number = {3},
	journaltitle = {Revue du Nord},
	author = {Sergent, Angélique and Louis, Étienne},
	urldate = {2021-02-06},
	date = {2012},
	langid = {french},
	note = {Publisher: Association Revue du Nord},
	keywords = {analyse, map},
	file = {Full Text PDF:/Users/selimbenismail/Zotero/storage/AM7DZ4BM/Sergent et Louis - 2012 - Cartes et cadastres anciens  la documentation fig.pdf:application/pdf;Snapshot:/Users/selimbenismail/Zotero/storage/WJ4Q6NG5/revue-du-nord-2012-3-page-681.html:text/html},
}

@book{beauguitte_analyse_2016,
	title = {L'analyse de réseaux en sciences sociales et en histoire},
	isbn = {978-2-87558-500-4},
	url = {https://halshs.archives-ouvertes.fr/halshs-01476090},
	abstract = {Ce chapitre d'ouvrage rappelle tout d'abord le vocabulaire de base en analyse de réseaux. Il retrace ensuite l'histoire de ces méthodes et de ses usages en sociologie et en géographie. Il s'interroge enfin sur les spécificités de l'analyse de réseaux en histoire.},
	publisher = {Presses Universitaires de Louvain},
	author = {Beauguitte, Laurent},
	urldate = {2021-02-06},
	date = {2016},
	langid = {french},
	note = {Pages: 9-24},
	keywords = {graph},
	file = {Full Text PDF:/Users/selimbenismail/Zotero/storage/VVDMJQ5R/Beauguitte - 2016 - L'analyse de réseaux en sciences sociales et en hi.pdf:application/pdf;Snapshot:/Users/selimbenismail/Zotero/storage/3XMW2MMY/halshs-01476090.html:text/html},
}

@article{ognyanova_visualisation_nodate,
	title = {Visualisation de réseaux avec R},
	pages = {44},
	author = {Ognyanova, Katherine},
	langid = {french},
	file = {Ognyanova - Visualisation de réseaux avec R.pdf:/Users/selimbenismail/Zotero/storage/8N6BT5Q4/Ognyanova - Visualisation de réseaux avec R.pdf:application/pdf},
}

@article{mestayer_origine_1985,
	title = {L'origine des noms de famille à Douai au {XIIIe} siècle},
	volume = {5},
	rights = {free},
	url = {https://www.persee.fr/doc/onoma_0755-7752_1985_num_5_1_913},
	doi = {10.3406/onoma.1985.913},
	pages = {80--84},
	number = {1},
	journaltitle = {Nouvelle revue d'onomastique},
	author = {Mestayer, Monique},
	urldate = {2021-02-06},
	date = {1985},
	note = {Publisher: Persée - Portail des revues scientifiques en {SHS}},
	keywords = {analyse},
	file = {Snapshot:/Users/selimbenismail/Zotero/storage/2ND3VG64/onoma_0755-7752_1985_num_5_1_913.html:text/html},
}

@article{prevost_constitution_nodate,
	title = {Constitution et exploitation d'un corpus de français médiéval: enjeux, spécificités et apports},
	pages = {31},
	author = {Prévost, Sophie},
	langid = {french},
	keywords = {extraction, nlp},
	file = {Prévost - Constitution et exploitation d'un corpus de frança.pdf:/Users/selimbenismail/Zotero/storage/ZNUQWFFL/Prévost - Constitution et exploitation d'un corpus de frança.pdf:application/pdf},
}

@article{demolon_service_1999,
	title = {{SERVICE} {ARCHEOLOGIQUE} {DE} {DOUAI}},
	pages = {141},
	author = {Demolon, Pierre and Willot, Jean Michel},
	date = {1999},
	langid = {french},
	file = {Demolon et Willot - 1999 - SERVICE ARCHEOLOGIQUE DE DOUAI.pdf:/Users/selimbenismail/Zotero/storage/D8DHLJL2/Demolon et Willot - 1999 - SERVICE ARCHEOLOGIQUE DE DOUAI.pdf:application/pdf},
}

@thesis{pettersson_spelling_nodate,
	title = {Spelling Normalisation and Linguistic Analysis of {HistoricalText} for Information Extraction},
	type = {phdthesis},
	author = {Pettersson, Eva},
	keywords = {extraction, nlp},
	file = {Spelling Normalisation and Linguistic Analysis of HistoricalText for Information Extraction.pdf:/Users/selimbenismail/Zotero/storage/DZK3N3Q7/FULLTEXT01.pdf:application/pdf},
}

@article{solnon_theorie_nodate,
	title = {Théorie des graphes et optimisation dans les graphes},
	pages = {53},
	author = {Solnon, Christine},
	langid = {french},
	file = {Solnon - Théorie des graphes et optimisation dans les graph.pdf:/Users/selimbenismail/Zotero/storage/TSADXRY6/Solnon - Théorie des graphes et optimisation dans les graph.pdf:application/pdf},
}

@report{demolon_douai_1990,
	title = {{DOUAI} Document d'évaluation du patrimoine archéologique urbain},
	institution = {{CENTRE} {NATIONAL} D'{ARCHEOLOGIE} {URBAINE}},
	author = {{DEMOLON}, {PIERRE} and {LOUIS}, {ETIENNE} and {LOUIS}-{VANBAUCE}, {MURIELLE}},
	date = {1990},
	file = {all.pdf:/Users/selimbenismail/Zotero/storage/JX2S6S5C/all.pdf:application/pdf},
}

@article{piotrowski_natural_2012,
	title = {Natural Language Processing for Historical Texts},
	volume = {5},
	issn = {1947-4040, 1947-4059},
	url = {http://www.morganclaypool.com/doi/abs/10.2200/S00436ED1V01Y201207HLT017},
	doi = {10.2200/S00436ED1V01Y201207HLT017},
	pages = {1--157},
	number = {2},
	journaltitle = {Synthesis Lectures on Human Language Technologies},
	shortjournal = {Synthesis Lectures on Human Language Technologies},
	author = {Piotrowski, Michael},
	urldate = {2021-05-11},
	date = {2012-09-24},
	langid = {english},
}

@book{lambert_manuel_2016,
	location = {Malakoff},
	title = {Manuel de cartographie: principes, méthodes, applications},
	isbn = {978-2-200-61285-6},
	shorttitle = {Manuel de cartographie},
	publisher = {Armand Colin},
	author = {Lambert, Nicolas},
	editora = {Zanin, Christine},
	editoratype = {collaborator},
	date = {2016},
	keywords = {Cartographie, Cartography, Manuels scolaires, Textbooks},
}

@book{ardilly_manuel_2018,
	title = {Manuel d’analyse spatiale},
	isbn = {978-2-11-139684-5},
	url = {http://www.epsilon.insee.fr:80/jspui/handle/1/85657},
	publisher = {Insee},
	author = {Ardilly, Pascal and Audric, Sophie and de Bellefon, Marie-Pierre and Buron, Maël-Luc and Durieux, Eric and Eusebio, Pascal and Favre-Martinoz, Cyril and Floch, Jean-Michel and Fontaine, Maëlle and Genebes, Laure and Le Gleut, Ronan and Lardeux-Schutz, Raphaël and Lévy, David and Loonis, Vincent and Le Saout, Ronan and Merly-Alpa, Thomas and Renaud, Auriane and Sémécurbe, François},
	urldate = {2021-05-11},
	date = {2018-10},
	note = {Accepted: 2018-11-09T09:55:32Z
{ISSN}: 1142-3080},
	file = {Full Text PDF:/Users/selimbenismail/Zotero/storage/TQ93IEPI/Ardilly et al. - 2018 - Manuel d’analyse spatiale.pdf:application/pdf;Snapshot:/Users/selimbenismail/Zotero/storage/8AWNCZMH/85657.html:text/html},
}

@article{blockmans_trois_1941,
	title = {Trois patriciens douaisiens de la seconde moitié du {XIIIe} siècle},
	volume = {20},
	rights = {free},
	url = {https://www.persee.fr/doc/rbph_0035-0818_1941_num_20_1_1608},
	doi = {10.3406/rbph.1941.1608},
	pages = {264--274},
	number = {1},
	journaltitle = {Revue belge de Philologie et d'Histoire},
	author = {Blockmans, Fr},
	urldate = {2021-05-11},
	date = {1941},
	note = {Publisher: Persée - Portail des revues scientifiques en {SHS}},
	file = {Snapshot:/Users/selimbenismail/Zotero/storage/BTXJI3JK/rbph_0035-0818_1941_num_20_1_1608.html:text/html},
}

@book{espinas_les_1933,
	location = {Lille},
	title = {Les origines du capitalisme},
	series = {Bibliothèque de la Société d'histoire du droit des pays flamands, picards et wallons},
	number = {7},
	publisher = {{ERaoust}},
	author = {Espinas, Georges},
	date = {1933},
	keywords = {Boinebroke, Jehan, d. ca. 1286, Commerce, Douai, Flanders, Flandre, Histoire, History, Jacques le Blond, d. ca. 1311, Jean de France, d. ca. 1298, Sources, Textile industry and fabrics},
}

@book{gossen_petite_1951,
	location = {Paris},
	title = {Petite grammaire de l'ancien picard},
	pagetotal = {186},
	publisher = {Klincksieck},
	author = {Gossen, Carl Theodor},
	date = {1951},
	keywords = {Dialects, French language, Picard},
}

@incollection{lemieux_theorie_2020,
	location = {Toulouse},
	title = {Théorie des graphes et sciences sociales},
	isbn = {978-2-8107-1058-4},
	url = {http://books.openedition.org/pumi/14085},
	series = {Socio-logiques},
	pages = {91--109},
	booktitle = {Sociologie et normativité scientifique},
	publisher = {Presses universitaires du Midi},
	author = {Lemieux, Vincent},
	editor = {Houle, Gilles and Ramagnino, Nicole},
	urldate = {2021-05-15},
	date = {2020-02-27},
	note = {Code: Sociologie et normativité scientifique},
	keywords = {norme, science, sociologie},
}

@online{ushey_renv_nodate,
	title = {renv: Project Environments for R},
	url = {https://blog.rstudio.com/2019/11/06/renv-project-environments-for-r/},
	shorttitle = {renv},
	abstract = {We’re excited to announce that renv is now available on {CRAN}! You can install renv with:
install.packages("renv")  renv is an R dependency manager. Use renv to make your projects more:
 Isolated: Each project gets its own library of R packages, so you can feel free to upgrade and change package versions in one project without worrying about breaking your other projects.
 Portable: Because renv captures the state of your R packages within a lockfile, you can more easily share and collaborate on projects with others, and ensure that everyone is working from a common base.},
	author = {Ushey, Kevin},
	urldate = {2021-10-10},
	langid = {english},
	file = {Snapshot:/Users/selimbenismail/Zotero/storage/73L9K5V4/renv-project-environments-for-r.html:text/html},
}

@book{wickham_welcome_216,
	edition = {O'Reilly Media, Inc.},
	title = {Welcome {\textbar} R for Data Science},
	isbn = {978-1-4919-1039-9},
	url = {https://r4ds.had.co.nz/index.html},
	author = {Wickham, Hadley},
	urldate = {2022-01-23},
	date = {0216},
	langid = {english},
}

@book{phillips_yarrr_nodate,
	title = {{YaRrr}! The Pirate’s Guide to R},
	url = {https://bookdown.org/ndphillips/YaRrr/},
	abstract = {An introductory book to R written by, and for, R pirates},
	author = {Phillips, Nathaniel D.},
	urldate = {2022-04-04},
	file = {Snapshot:/Users/selimbenismail/Zotero/storage/5QRN3PSJ/creating-matrices-and-dataframes.html:text/html},
}

@unpublished{beauguitte_analyse_2014,
	title = {Analyse de réseaux en sciences sociales en général... et en histoire …},
	rights = {Licence: {CC} Attribution-{NonCommercial}-{ShareAlike} License},
	url = {https://fr.slideshare.net/LaurentBeauguitte/analyse-de-rseaux-en-sciences-sociales},
	author = {Beauguitte, Laurent},
	urldate = {2022-05-21},
	date = {2014},
}

@misc{beauguitte_graphes_2010,
	title = {Graphes, réseaux, réseaux sociaux : vocabulaire et notation},
	url = {https://halshs.archives-ouvertes.fr/halshs-00541898},
	shorttitle = {Graphes, réseaux, réseaux sociaux},
	abstract = {Ce document du groupe f.m.r. (flux, matrices, réseaux) propose une synthèse du vocabulaire utilisé en analyse de graphes, qu'il s'agisse de graphe planaire, de réseau social ou de 'complex network'},
	author = {Beauguitte, Laurent},
	urldate = {2022-05-21},
	date = {2010},
	langid = {french},
	file = {Full Text PDF:/Users/selimbenismail/Zotero/storage/M7RIFW2H/Beauguitte - 2010 - Graphes, réseaux, réseaux sociaux  vocabulaire et.pdf:application/pdf;Snapshot:/Users/selimbenismail/Zotero/storage/VTJJFEGY/halshs-00541898.html:text/html},
}

@book{noauthor_inventaire_1898,
	title = {Inventaire sommaire des Archives communales antérieures à 1790: Douai},
	shorttitle = {Inventaire sommaire des Archives communales antérieures à 1790},
	pagetotal = {486},
	publisher = {Duthilloeul},
	date = {1898},
	langid = {french},
}

@book{clisant_vie_2003,
	location = {Douai},
	edition = {Archives municipales de Douai},
	title = {La vie économique à Douai du {XIIe} au {XXIe} siècle : du drap à l'automobile},
	isbn = {2-911374-12-6},
	author = {Clisant, Jean-Yves and Doom, Vincent and Picquendar, Céline},
	date = {2003},
	langid = {french},
}

@article{mestayer_douai_2016,
	title = {Douai dans l’Histoire},
	volume = {67},
	issn = {0755-7884},
	url = {https://www.cairn.info/revue-nord-2016-1-page-9.htm},
	doi = {10.3917/nord.067.0009},
	pages = {9--24},
	number = {1},
	journaltitle = {Nord'},
	shortjournal = {Nord'},
	author = {Mestayer, Monique},
	urldate = {2022-06-20},
	date = {2016},
	langid = {french},
	note = {Publisher: Société de Littérature du Nord},
	file = {Snapshot:/Users/selimbenismail/Zotero/storage/ZLM5HZ6M/revue-nord-2016-1-page-9.html:text/html},
}

@book{colin_decouvrez_2001,
	edition = {Archives municpales de Douai},
	title = {Découvrez les rues de Douai},
	url = {https://www.leslibraires.fr/livre/1633322-decouvrez-les-rues-de-douai-douai-archives-communales--archives-municipales-de-douai},
	abstract = {Découvrez et achetez Découvrez les rues de Douai - Douai, Archives communales - [Archives municipales de Douai] sur www.leslibraires.fr},
	author = {Colin, Sylvain and Duhem, Thibaut and Passot, Hervé and Petitjean, Anne-José and Doom, Hélène},
	urldate = {2022-06-20},
	date = {2001},
	langid = {french},
	file = {Snapshot:/Users/selimbenismail/Zotero/storage/X68YJDJW/1633322-decouvrez-les-rues-de-douai-douai-archives-communales--archives-municipales-de-douai.html:text/html},
}

@book{OfficeDuTourisme_douai_2016,
	edition = {Edition Ouest-France},
	title = {Douai et son beffroi,office de tourisme de Douai},
	author = {Office du tourisme, Douai},
	isbn = {978-2-7373-7276-6},
	pagetotal = {32},
	date = {2016},
	langid = {french},
}
@misc{netteghem_histoire_2021,
	title = {Histoire de l'Hôtel Romagnant},
	author = {Netteghem, Dominique},
	date = {2021},
	langid = {french},
}