Ardilly, P., Audric, S., de Bellefon, M.-P., Buron, M.-L., Durieux, E., Eusebio, P., Favre-Martinoz, C., Floch, J.-M., Fontaine, M., Genebes, L., Le Gleut, R., Lardeux-Schutz, R., Lévy, D., Loonis, V., Le Saout, R., Merly-Alpa, T., Renaud, A., Sémécurbe, F. (2018). Manuel d’analyse spatiale. Insee. http://www.epsilon.insee.fr:80/jspui/handle/1/85657
Beauguitte, L. (2010). Graphes, réseaux, réseaux sociaux : Vocabulaire et notation. https://halshs.archives-ouvertes.fr/halshs-00541898
Beauguitte, L. (2016). L’analyse de réseaux en sciences sociales et en histoire (p. 9‑24). Presses Universitaires de Louvain. https://halshs.archives-ouvertes.fr/halshs-01476090
Blockmans, F. (1941). Trois patriciens douaisiens de la seconde moitié du XIIIe siècle. Revue belge de Philologie et d’Histoire, 20(1), 264‑274. https://doi.org/10.3406/rbph.1941.1608
Clisant, J.-Y., Doom, V., Picquendar, C. (2003). La vie économique à Douai du XIIe au XXIe siècle : Du drap à l’automobile (Archives municipales de Douai).
Colin, S., Duhem, T., Passot, H., Petitjean, A.-J., Doom, H. (2001). Découvrez les rues de Douai (Archives municpales de Douai). https://www.leslibraires.fr/livre/1633322-decouvrez-les-rues-de-douai-douai-archives-communales--archives-municipales-de-douai
DEMOLON, P., LOUIS, E.,  LOUIS-VANBAUCE, M. (1990). DOUAI Document d’évaluation du patrimoine archéologique urbain. CENTRE NATIONAL D’ARCHEOLOGIE URBAINE.
Demolon, P., Willot, J. M. (1999). SERVICE ARCHEOLOGIQUE DE DOUAI. 141.
Espinas, G. (1913). La vie urbaine de Douai au moyen âge. APicard.
Espinas, G. (1933). Les origines du capitalisme. ERaoust.
Gossen, C. T. (1951). Petite grammaire de l’ancien picard. Klincksieck.
Inventaire sommaire des Archives communales antérieures à 1790 : Douai. (1898). Duthilloeul.
Lambert, N. (2016). Manuel de cartographie : Principes, méthodes, applications. Armand Colin.
Laurent Beauguitte. (11:09:32 UTC). Analyse de réseaux en sciences sociales en général... Et en histoire …. https://fr.slideshare.net/LaurentBeauguitte/analyse-de-rseaux-en-sciences-sociales
Leguay, J.-P. (1989). La propriété et le marché de l’immobilier à la fin du Moyen Âge dans le royaume de France et dans les grands fiefs périphériques. Publications de l’École Française de Rome, 122(1), 135‑199.
Lemieux, V. (2020). Théorie des graphes et sciences sociales. In G. Houle N. Ramagnino (Éds.), Sociologie et normativité scientifique (p. 91‑109). Presses universitaires du Midi. http://books.openedition.org/pumi/14085
Mestayer, M. (1985). L’origine des noms de famille à Douai au XIIIe siècle. Nouvelle revue d’onomastique, 5(1), 80‑84. https://doi.org/10.3406/onoma.1985.913
Mestayer, M. (2016). Douai dans l’Histoire. Nord’, 67(1), 9‑24. https://doi.org/10.3917/nord.067.0009
Ognyanova, K. (s.d.). Visualisation de réseaux avec R. 44.
Pettersson, E. (s.d.). Spelling Normalisation and Linguistic Analysis of HistoricalText for Information Extraction.
Phillips, N. D. (s.d.). YaRrr ! The Pirate’s Guide to R. Consulté 4 avril 2022, à l’adresse https://bookdown.org/ndphillips/YaRrr/
Piotrowski, M. (2012). Natural Language Processing for Historical Texts. Synthesis Lectures on Human Language Technologies, 5(2), 1‑157. https://doi.org/10.2200/S00436ED1V01Y201207HLT017
Prévost, S. (s.d.). Constitution et exploitation d’un corpus de français médiéval : Enjeux, spécificités et apports. 31.
Quivy, R. (2011). Manuel de recherche en sciences sociales (4e éd. entièrement revue et augmentée). Dunod.
renv : Project Environments for R. (s.d.). Consulté 10 octobre 2021, à l’adresse https://blog.rstudio.com/2019/11/06/renv-project-environments-for-r/
Sergent, A., Louis, É. (2012). Cartes et cadastres anciens : La documentation figurée au service des archéologues ? La Z.A.C. de Lauwin-Planque (Nord) à l’épreuve de ses représentations. Revue du Nord, n° 396(3), 681‑695.
Solnon, C. (s.d.). Théorie des graphes et optimisation dans les graphes. 53.
Welcome | R for Data Science. (s.d.). Consulté 23 janvier 2022, à l’adresse https://r4ds.had.co.nz/index.html
